@article{musiani2013network,
  title   = {Network architecture as internet governance},
  author  = {Musiani, Francesca},
  journal = {Internet Policy Review},
  year    = {2013}
}

@article{mueller2020inventing,
  title     = {Inventing internet governance: the historical trajectory of the phenomenon and the field},
  author    = {Mueller, Milton L and Badiei, Farzaneh},
  journal   = {Researching Internet Governance: Methods, Frameworks, Futures},
  pages     = {59--83},
  year      = {2020},
  publisher = {The MIT Press Cambridge}
}