@article{self-plagiarism,
  author          = {Tomás Simões},
  year            = {2003},
  month           = {06},
  pages           = {2},
  title           = {Self-Plagiarism},
}